
@INPROCEEDINGS{FilliatreMarche04,
  AUTHOR = {Jean-Christophe Filli\^atre and Claude March\'e},
  TITLE = {{Multi-Prover Verification of C Programs}},
  BOOKTITLE = {Sixth International Conference on
   Formal Engineering Methods (ICFEM)},
  YEAR = 2004,
  ADDRESS = {Seattle},
  MONTH = NOV,
  PUBLISHER = {Springer-Verlag},
  SERIES = {Lecture Notes in Computer Science},
  VOLUME = 3308,
  PAGES = {15--29},
  URL = {http://www.lri.fr/~filliatr/ftp/publis/caduceus.ps.gz}
}

@MISC{Caduceus,
  TITLE = {{The Caduceus tool for the verification of C programs}},
  AUTHOR = {{Jean-Christophe Filli\^atre, Claude March\'e and Thierry Hubert}},
  NOTE = {\url{http://caduceus.lri.fr/}}
}

@TECHREPORT{JML,
  AUTHOR = {Gary T. Leavens and Albert L. Baker and Clyde Ruby},
  TITLE = {Preliminary Design of {JML}: {A} Behavioral Interface
           Specification Language for {Java}},
  INSTITUTION = {Iowa State University},
  NUMBER = {98-06i},
  YEAR = 2000
}

@MISC{Coq,
  TITLE = {{The Coq Proof Assistant}},
  NOTE = {\url{http://coq.inria.fr/}}
}

@ARTICLE{Hoare69,
  AUTHOR = {C. A. R. Hoare},
  TITLE = {An axiomatic basis for computer programming},
  JOURNAL = {{Communications of the ACM}},
  YEAR = 1969,
  VOLUME = 12,
  NUMBER = 10,
  PAGES = {576--580,583}
}
