
@Misc{ESCJava2,
  title =	 {{ESC/Java2}},
  note =	 {\url{http://www.sos.cs.ru.nl/research/escjava}}
}

@misc{Why,
  title   = {{The Why verification tool}},
  note    = {\url{http://why.lri.fr/}}
}

@misc{Coq,
  title   = {{The Coq Proof Assistant}},
  note    = {\url{http://coq.inria.fr/}}
}

@misc{PVS,
  title   = {{The PVS Specification and Verification System}},
  note    = {\url{http://pvs.csl.sri.com/}}
}

@misc{haRVey,
  title   = {{The haRVey decision procedure}},
  note    = {\url{http://www.loria.fr/~ranise/haRVey/}}
}

@misc{Simplify,
  title   = {{The Simplify decision procedure}},
  note    = {\url{http://research.compaq.com/SRC/esc/simplify/}}
}

@misc{HOLLight,
  title   = {{HOL Light}},
  note    = {\url{http://www.cl.cam.ac.uk/users/jrh/hol-light/}}
}

@misc{Isabelle,
  title   = {{Isabelle/HOL}},
  note    = {\url{http://isabelle.in.tum.de/}}
}

@misc{HOL4,
  title   = {{HOL 4}},
  note    = {\url{http://hol.sourceforge.net/}}
}

@misc{Mizar,
  title   = {{Mizar}},
  note    = {\url{http://mizar.uwb.edu.pl/}}
}

@misc{CVCLite,
  title   = {{CVC Lite}},
  note    = {\url{http://verify.stanford.edu/CVCL/}}
}

@misc{Ocaml,
  title   = {{The Objective Caml language}},
  note    = {\url{http://caml.inria.fr/}}
}

@misc{Krakatoa,
  title   = {{The Krakatoa tool}},
  author  = {{Claude March\'e, Christine Paulin and Xavier Urbain}},
  note    = {\url{http://krakatoa.lri.fr/}}
}

@TechReport{JML,
  author = "Gary T. Leavens and Albert L. Baker and Clyde Ruby",
  title = "Preliminary Design of {JML}: {A} Behavioral Interface 
           Specification Language for {Java}",
 institution = "Iowa State University",
  number = "98-06i",
  year = 2000 
}

@Book{KR88,
        Author= "Brian Kernighan and Dennis Ritchie",
        Title= "The C Programming Language (2nd Ed.)",
        Publisher= "Prentice-Hall",
        Year= 1988
}

@Article{burstall72,
  author = 	 {Rod  Burstall},
  title = 	 {Some techniques for proving correctness of programs which alter data structures},
  journal = 	 {Machine Intelligence},
  year = 	 72,
  volume =	 7,
  pages =	 {23-50}
}

@inproceedings{bornat00mpc,
    author = "Richard Bornat",
    title = "Proving Pointer Programs in {H}oare Logic",
    booktitle = "Mathematics of Program Construction",
    pages = "102-126",
    year = "2000"}

@INPROCEEDINGS{chalin05ftfjp,
  author = {Patrice Chalin},
  title = {Reassessing {JML}'s Logical Foundation},
  booktitle = {Proceedings of the 7th Workshop on Formal Techniques for Java-like Programs (FTfJP'05)},
  year = 2005,
  address = {Glasgow, Scotland},
  month = JUL
}

@INPROCEEDINGS{chalin07icse,
  author = {Patrice Chalin},
  title = {A Sound Assertion Semantics for the Dependable Systems Evolution Verifying Compiler},
  booktitle = {Proceedings of the International Conference on Software Engineering (ICSE'07)},
  pages = {23-33},
  year = 2007,
  address = {Los Alamitos, CA, USA},
  publisher = {IEEE Computer Society}
}

@TECHREPORT{leavens00preliminary,
  author = {Gary T. Leavens and Albert L. Baker and Clyde Ruby},
  title = {Preliminary Design of {JML}: {A} Behavioral Interface 
           Specification Language for {Java}},
  institution = {Iowa State University},
  number = {98-06i},
  year = 2000
}

