
@misc{Ocaml,
  title   = {{The Objective Caml language}},
  note    = {\url{http://caml.inria.fr/}}
}

@Book{KR88,
        Author= "Brian Kernighan and Dennis Ritchie",
        Title= "The C Programming Language (2nd Ed.)",
        Publisher= "Prentice-Hall",
        Year= 1988
}

