% bib_oct.bib
% Bibliographic references used in the documentation doc_oct.tex
%
% This file is part of the Octagon Abstract Domain Library.
% Please read the COPYING file packaged in the distribution.
% Main web page is: http://www.di.ens.fr/~mine/oct/
%
% Copyright (C) Antoine Mine' 2000-2002
%

%% My report & articles
%%%%%%%%%%%%%%%%%%%%%%%
                  
@misc{mine:dea,
   author = {Min\'e, A{.}},
   title = {Representation of Two-Variable Difference or Sum
            Constraint Set and Application to Automatic Program Analysis},
   howpublished = {Master's thesis, ENS-DI, Paris, France},
   year = {2000},
   note = {\url{http://www.di.ens.fr/~mine/publi/report-mine-dea.pdf}}
}
                  
@inproceedings{mine:padoII,
  author ={Min\'e, A{.}},
  title  = {A New Numerical Abstract Domain
            Based on Difference-Bound Matrices},
  booktitle = {PADO II},
  series    = {LNCS},
  year      = {2001},
  month     = {May},
  pages     = {155--172},
  volume    = {2053},
  publisher = {Springer-Verlag},
  note = {\url{http://www.di.ens.fr/~mine/publi/article-mine-padoII.pdf}}
}                 


@inproceedings{mine:ast01,
  author ={Min\'e, A{.}},
  title  = {The Octagon Abstract Domain},
  booktitle = {AST 2001 in WCRE 2001},
  series    = {IEEE},
  year      = {2001},
  month     = {October},
  pages     = {310--319},
  publisher = {IEEE CS Press},
  note = {\url{http://www.di.ens.fr/~mine/publi/article-mine-padoII.pdf}}
}                 

                  
		  
%% DBM structure & algorithms bibliography
%%%%%%%%%%%%%%%%%%%%%%%%%%%%%%%%%%%%%%%%%%                  
                  

@book{CLR,
  author =       {Cormen, T{.} and Leiserson, C{.} and Rivest, R{.}},
  title =        {Introduction to Algorithms},
  publisher =    {The MIT Press},
  year =         {1990},
}
                  
@inproceedings{DBM,
 author = {Larsen, K{.} and Larsson, F{.} and Pettersson, P{.} and Yi, W{.}},
 title = {Efficient Verification of Real-Time Systems: Compact Data
          Structure and State-Space Reduction},
 booktitle = {IEEE RTSS'97},
 year = {1997},
 month = {December},
 pages = {14--24},
 publisher = {IEEE CS Press},
 note = {\url{http://www.docs.uu.se/docs/rtmv/papers/llpw-rtss97.ps.gz}}
}

@inproceedings{DBM2,
 author = {Yovine, S{.}},
 title = {Model-Checking Timed Automata},
 booktitle = {Embedded Systems},
 series = {LNCS},
 year = {1998},
 pages= {114--152},
 month = {October},
 number = {1494},
 publisher = {Springer-Verlag},
 note={\url{http://www-verimag.imag.fr/~yovine/articles/rts_embedded98.html}}
}                 

		  
%% Abstract Interpretation bibliography
%%%%%%%%%%%%%%%%%%%%%%%%%%%%%%%%%%%%%%%
	  

@inproceedings{ai,
  author =    {Cousot, P{.} and Cousot, R{.}},
  title =     {Abstract Interpretation: a Unified Lattice Model for Static 
               Analysis of Programs by Construction or Approximation of 
               Fixpoints},
  pages =     {238--252},
  booktitle = {ACM POPL'77},
  publisher = {ACM Press},
  year =      {1977},
  note = {\url{http://www.di.ens.fr/~cousot/COUSOTpapers/POPL77.shtml}}
}

@inproceedings{syntox,
  author = {Bourdoncle, F{.}},
  title = {Abstract Debugging of Higher-Order Imperative Languages},
  booktitle = {ACM PLDI'93},
  year = {1993},
  month = {June},
  pages = {46--55},
  publisher = {ACM Press},
  note = {\url{http://www.cma.ensmp.fr/Francois.Bourdoncle/pldi93.html}}
}


		  
%% Numerical abstract domains bibliography
%%%%%%%%%%%%%%%%%%%%%%%%%%%%%%%%%%%%%%%%%%
		  
@inproceedings{interv,
 author =    {Cousot, P{.} and Cousot, R{.}},
 title =     {Static Determination of Dynamic Properties of Programs},
 pages =     {106--130},
 booktitle = {ISOP'76},
 publisher = {Dunod, Paris, France},
 year =      {1976},
 note = {\url{http://www.di.ens.fr/~cousot/COUSOTpapers/ISOP76.shtml}}
}

@inproceedings{poly,
  author =    {Cousot, P{.} and Halbwachs, N{.}},
  title =     {Automatic Discovery of Linear Restraints among Variables of
              a Program},
  pages =     {84--97},
  booktitle = {ACM POPL'78},
  publisher = {ACM Press},
  year =      {1978},
  note={\url{http://www.di.ens.fr/~cousot/COUSOTpapers/POPL78.shtml}}
}
		
@inproceedings{cong,
  author =    {Granger, P{.}},
  title =     {Static Analysis of Linear Congruence Equalities among
                  Variables of a Program},
  pages =     {169--192},
  booktitle = {TAPSOFT'91},
  series = {LNCS},
  number =    {493},
  year =      {1991},
  publisher = {Springer-Verlag}
}

@inproceedings{trap,
  author =    {Masdupuy, F{.}},
  title =     {Array Operations Abstraction Using Semantic Analysis of
               Trapezoid Congruences},
  pages =     {226--235},
  booktitle = {ACM ICS'92},
  year =      {1992},
  publisher = {ACM Press}
}

@Article{karr,
  author =       {Karr, M{.}},
  title =        {Affine Relationships among Variables of a Program},
  journal =      {Acta Informatica},
  year =         {1976},
  pages =        {133--151}
}

  
@inproceedings{deutsch,
    author = {Deutsch, A{.}},
    title = {Interprocedural May-Alias Analysis for Pointers: 
             Beyond k-Limiting},
    booktitle = {ACM PLDI'94},
    pages = {230--241},
    publisher = {ACM Press},
    year = {1994}
}


%% Advanced structure prospects		  
%%%%%%%%%%%%%%%%%%%%%%%%%%%%%%%  
		  
@article{CDD,
    author = {Larsen, K{.} and Weise, C{.} and Yi, W{.} and Pearson, J{.}},
    title = {Clock Difference Diagrams},
    pages= {271--298},
    journal={Nordic Journal of Computing},
    volume = {6},
    number = {3},
    year = {1999},
    month = {October},
    note={\url{http://www.brics.dk/RS/98/46/}}
}

@inproceedings{DDD,
  author =       {M{\o}ller, J{.} and Lichtenberg, J{.} and 
                  Andersen, H{.}, R{.} and Hulgaard, H{.}},
  title =        {Difference Decision Diagrams},
  booktitle =    {CSL'99},
  year =         {1999},
  month =        {September},
  pages=         {111--125},
  publisher =    {Springer-Verlag},
  volume =       {1683},
  series =       {LNCS},
  note={\url{http://www.it-c.dk/research/ddd/publications/ddd-csl-99.ps}}
}

		  
		  
%% Satisfiability algorithms
%%%%%%%%%%%%%%%%%%%%%%%%%%%%  
		  
@article{shostak,
  author = {Shostak, R{.}},
  title = {Deciding Linear Inequalities by Computing Loop Residues},
  journal = {Journal of the ACM},
  volume = {28},
  number = {4},
  month = {October},
  year = {1981},
  pages = {769--779},
  note = {\url{http://www.acm.org/pubs/citations/journals/jacm/1981-28-4/p769-shostak/}}
}

@inproceedings{beyond,
    author = {Jaffar, J{.} and Maher, M{.} and Stuckey, {P.} and Yap, H{.}},
    title = {Beyond Finite Domains},
    booktitle = {PPCP'94},
    volume = {874},
    pages = {86--94},
    year = {1994},
    month = {May},
    series = {LNCS},
    note = {\url{http://citeseer.nj.nec.com/joxan94beyond.html}}
}

@inproceedings{utvpi,
    author = {Harvey, W{.} and Stuckey, P{.}},
    title = {A Unit Two Variable Per Inequality Integer Constraint
             Solver for Constraint Logic Programming},
    booktitle = {ACSC'97},
    volume = {19},
    pages = {102--111},
    year = {1997},
    month = {February},
    note = {\url{http://www.icparc.ic.ac.uk/~wh/publications/ACSC97.ps.gz}}
}

		  
@techreport{pratt,
    author = {Pratt, V{.}},
    title = {Two Easy Theories Whose Combination is Hard},
    institution = {Massachusetts Institute of Technology. Cambridge. },
    year = {1977},
    month = {September}
}

%% Software
%%%%%%%%%%%



@misc{polka,
    author = {Jeannet, B{.}},
    title = {New Polka: A library to handle convex polyhedra in any dimension
(version 2.0.0 at least)},
    note = {\url{http://www.irisa.fr/prive/bjeannet/newpolka.html}}
}

@misc{GMP,
    author = {GNU},
    title = {Gnu Multiple Precision Library (version 4.1 at least)},
    note = {\url{http://www.swox.com/gmp/}}
}

@misc{MPFR,
    author = {"The PolKA project, Inria Lorraine and LORIA"},
    title = {The Multiple Precision Floating-Point Reliable Library},
    note = {\url{http://www.loria.fr/projets/mpfr/}}
}

@misc{OCaml,
    author = {Leroy, X{.} and al{.}},
    title = {The Objective Caml system (version 3.0 at least)},
    note = {\url{http://pauillac.inria.fr/ocaml/}}
}

@misc{MLGMP,
    author = {Monniaux, D{.}},
    title = {Caml-GMP, an extended precision computation library},
    note = {\url{http://caml.inria.fr/hump.html}}
}

